@Book{frenkel2001understanding,
  Title                    = {Understanding molecular simulation},
  Author                   = {Frenkel, D. and Smit, B.},
  Publisher                = {Academic Press, Inc. Orlando, FL, USA},
  Year                     = {2001},

  File                     = {frenkel2001understanding.pdf:frenkel2001understanding.pdf:PDF},
  Timestamp                = {2010.09.22}
}

@Article{rosta2014free,
  Title                    = {Free energies from dynamic weighted histogram analysis using unbiased Markov state model},
  Author                   = {Rosta, Edina and Hummer, Gerhard},
  Journal                  = {Journal of Chemical Theory and Computation},
  Year                     = {2015},
volume = {11},
number = {1},
pages={276--285},
  File                     = {rosta2014free.pdf:/home/wanghan/study/pdfPool/rosta2014free.pdf:PDF},
  Publisher                = {ACS Publications},
  Timestamp                = {2015.02.01}
}

@article{wang2014exploring,
  title={Exploring the conformational dynamics of alanine dipeptide in solution subjected to an external electric field: A nonequilibrium molecular dynamics simulation},
  author={Wang, H. and Sch{\"u}tte, C. and Ciccotti, G. and Delle Site, L.},
  journal={Journal of Chemical Theory and Computation},
  volume={10},
  number={4},
  pages={1376--1386},
  year={2014},
  publisher={ACS Publications}
}

@article{wang2012adaptive,
  title={{Adaptive resolution simulation (AdResS): A smooth thermodynamic and structural transition from atomistic to coarse grained resolution and vice versa in a grand canonical fashion}},
  author={Wang, Han and Sch\"utte, Christof and Delle Site, Luigi},
  journal={Journal of Chemical Theory and Computation},
  volume={8},
  number={8},
  pages={2878--2887},
  year={2012},
  publisher={ACS Publications}
}

@Article{praprotnik2011comment,
  Title                    = {Comment on "Adaptive Multiscale Molecular Dynamics of Macromolecular Fluids"},
  Author                   = {Praprotnik, M. and Poblete, S. and Delle Site, L. and Kremer, K.},
  Journal                  = {Physical Review Letters},
  Year                     = {2011},
  Number                   = {9},
  Pages                    = {99801},
  Volume                   = {107},

  File                     = {praprotnik2011comment.pdf:praprotnik2011comment.pdf:PDF},
  Publisher                = {APS},
  Timestamp                = {2012.06.14}
}

@Article{dellesite2007some,
  Title                    = {Some fundamental problems for an energy-conserving adaptive-resolution molecular dynamics scheme},
  Author                   = {Delle Site, L.},
  Journal                  = {Physical Review E},
  Year                     = {2007},
  Number                   = {4},
  Pages                    = {047701},
  Volume                   = {76},

  Publisher                = {APS},
  Timestamp                = {2014.10.11}
}

@article{wang2013grand,
  title={{Grand-canonical-like molecular-dynamics simulations by using an adaptive-resolution technique}},
  author={Wang, H. and Hartmann, C. and Sch{\"u}tte, C. and Delle Site, L.},
  journal={Physical Review X},
  volume={3},
  number={1},
  pages={011018},
  year={2013},
  publisher={APS}
}

@Article{poblete2010coupling,
  Title                    = {Coupling different levels of resolution in molecular simulations},
  Author                   = {Poblete, S. and Praprotnik, M. and Kremer, K. and Delle Site, L.},
  Journal                  = {The Journal of Chemical Physics},
  Year                     = {2010},
  Pages                    = {114101},
  Volume                   = {132},

  File                     = {poblete2010coupling.pdf:poblete2010coupling.pdf:PDF},
  Timestamp                = {2012.02.16}
}

@Article{fritsch2012adaptive,
  Title                    = {Adaptive resolution molecular dynamics simulation through coupling to an internal particle reservoir},
  Author                   = {Fritsch, S. and Poblete, S. and Junghans, C. and Ciccotti, G. and Delle Site, L. and Kremer, K.},
  Journal                  = {Physical Review Letters},
  Year                     = {2012},
  Pages                    = {170602},
  Volume                   = {108},

  Doi                      = {10.1103/PhysRevLett.108.170602},
  File                     = {fritsch2012adaptive.pdf:fritsch2012adaptive.pdf:PDF},
  Issue                    = {17},
  Numpages                 = {5},
  Publisher                = {American Physical Society},
  Timestamp                = {2012.05.14},
  Url                      = {http://link.aps.org/doi/10.1103/PhysRevLett.108.170602}
}

@article{reith2003deriving,
  title={Deriving effective mesoscale potentials from atomistic simulations},
  author={Reith, Dirk and P{\"u}tz, Mathias and M{\"u}ller-Plathe, Florian},
  journal={Journal of computational chemistry},
  volume={24},
  number={13},
  pages={1624--1636},
  year={2003},
  publisher={Wiley Online Library}
}

@article{berendsen1987missing,
  title={The missing term in effective pair potentials},
  author={Berendsen, H.J.C. and Grigera, J.R. and Straatsma, T.P.},
  journal={Journal of Physical Chemistry},
  volume={91},
  number={24},
  pages={6269--6271},
  year={1987},
  publisher={ACS Publications}
}

@article{wang2009comparative,
  title={Comparative atomistic and coarse-grained study of water: What do we lose by coarse-graining?},
  author={Wang, H. and Junghans, C. and Kremer, K.},
  journal={The European Physical Journal E: Soft Matter and Biological Physics},
  volume={28},
  number={2},
  pages={221--229},
  year={2009},
  publisher={Springer}
}

@Article{praprotnik2005adaptive,
  Title                    = {Adaptive resolution molecular-dynamics simulation: Changing the degrees of freedom on the fly},
  Author                   = {Praprotnik, M. and Delle Site, L. and Kremer, K.},
  Journal                  = {The Journal of Chemical Physics},
  Year                     = {2005},
  Pages                    = {224106},
  Volume                   = {123},

  File                     = {praprotnik2005adaptive.pdf:praprotnik2005adaptive.pdf:PDF},
  Timestamp                = {2012.02.16}
}

@article{heyes2010thermodynamic,
  title={Thermodynamic stability of soft-core Lennard-Jones fluids and their mixtures},
  author={Heyes, D.M.},
  journal={The Journal of Chemical Physics},
  volume={132},
  number={6},
  pages={064504},
  year={2010},
  publisher={AIP Publishing}
}

@article{weeks1971role,
  title={Role of repulsive forces in determining the equilibrium structure of simple liquids},
  author={Weeks, J.D. and Chandler, D. and Andersen, H.C.},
  journal={The Journal of Chemical Physics},
  volume={54},
  number={12},
  pages={5237--5247},
  year={1971},
  publisher={AIP Publishing}
}

@Article{agarwal2014chemical,
  Title                    = {Chemical potential of liquids and mixtures via Adaptive Resolution Simulation},
  Author                   = {Agarwal, A. and Wang, H. and Sch{\"u}tte, C. and Delle Site, L.},
  Journal                  = {The Journal of Chemical Physics},
  Year                     = {2014},
  Pages                    = {034102},
  Volume                   = {141},

  File                     = {agarwal2014chemical.pdf:/home/wanghan/study/pdfPool/agarwal2014chemical.pdf:PDF},
  Timestamp                = {2014.10.15}
}

@Article{apostolakis1999calculation,
  Title                    = {Calculation of conformational transitions and barriers in solvated systems: Application to the alanine dipeptide in water},
  Author                   = {Apostolakis, J. and Ferrara, P. and Caflisch, A.},
  Journal                  = {The Journal of Chemical Physics},
  Year                     = {1999},
  Number                   = {4},
  Pages                    = {2099--2108},
  Volume                   = {110},

  File                     = {apostolakis1999calculation.pdf:apostolakis1999calculation.pdf:PDF},
  Publisher                = {American Institute of Physics},
  Timestamp                = {2012.10.26}
}

@article{bolhuis2000reaction,
  title={Reaction coordinates of biomolecular isomerization},
  author={Bolhuis, Peter G and Dellago, Christoph and Chandler, David},
  journal={Proceedings of the National Academy of Sciences},
  volume={97},
  number={11},
  pages={5877--5882},
  year={2000},
  publisher={National Acad Sciences}
}

@Article{chodera2007automatic,
  Title                    = {Automatic discovery of metastable states for the construction of Markov models of macromolecular conformational dynamics},
  Author                   = {Chodera, J.D. and Singhal, N. and Pande, V.S. and Dill, K.A. and Swope, W.C.},
  Journal                  = {The Journal of Chemical Physics},
  Year                     = {2007},
  Pages                    = {155101},
  Volume                   = {126},

  File                     = {chodera2007automatic.pdf:chodera2007automatic.pdf:PDF},
  Timestamp                = {2012.10.24}
}

@Article{kaminsky2007force,
  Title                    = {Force field modeling of amino acid conformational energies},
  Author                   = {Kaminsk{\`y}, J. and Jensen, F.},
  Journal                  = {Journal of Chemical Theory and Computation},
  Year                     = {2007},
  Number                   = {5},
  Pages                    = {1774--1788},
  Volume                   = {3},

  File                     = {kaminsky2007force.pdf:kaminsky2007force.pdf:PDF},
  Publisher                = {ACS Publications},
  Timestamp                = {2014.02.17}
}

@Article{gfeller2007complex,
  Title                    = {Complex network analysis of free-energy landscapes},
  Author                   = {Gfeller, . and De Los Rios, P. and Caflisch, A. and Rao, F.},
  Journal                  = {Proceedings of the National Academy of Sciences},
  Year                     = {2007},
  Number                   = {6},
  Pages                    = {1817--1822},
  Volume                   = {104},

  File                     = {gfeller2007complex.pdf:gfeller2007complex.pdf:PDF;:gfeller2007complex.si.pdf:PDF},
  Publisher                = {National Acad Sciences},
  Timestamp                = {2014.01.17}
}

@Article{prinz2011probing,
  Title                    = {Probing molecular kinetics with Markov models: metastable states, transition pathways and spectroscopic observables},
  Author                   = {Prinz, J.-H. and Keller, B. and No{\'e}, F.},
  Journal                  = {Physical Chemistry Chemical Physics},
  Year                     = {2011},
  Number                   = {38},
  Pages                    = {16912--16927},
  Volume                   = {13},

  File                     = {prinz2011probing.pdf:/home/wanghan/study/pdfPool/prinz2011probing.pdf:PDF},
  Publisher                = {Royal Society of Chemistry},
  Timestamp                = {2014.10.17}
}

@Article{prinz2011markov,
  Title                    = {Markov models of molecular kinetics: Generation and validation},
  Author                   = {Prinz, J.-H. and Wu, H. and Sarich, M. and Keller, B. and Senne, M. and Held, M. and Chodera, J.D. and Sch{\"u}tte, C. and No{\'e}, F.},
  Journal                  = {The Journal of Chemical Physics},
  Year                     = {2011},
  Pages                    = {174105},
  Volume                   = {134},

  File                     = {prinz2011markov.pdf:prinz2011markov.pdf:PDF;supplement material:prinz2011markov.support.pdf:PDF},
  Timestamp                = {2012.02.17}
}

@Article{schuette2011markov,
  Title                    = {Markov state models based on milestoning},
  Author                   = {Sch{\"u}tte, C. and No{\'e}, F. and Lu, J. and Sarich, M. and Vanden-Eijnden, E.},
  Journal                  = {The Journal of Chemical Physics},
  Year                     = {2011},
  Pages                    = {204105},
  Volume                   = {134},

  File                     = {schuette2011markov.pdf:schuette2011markov.pdf:PDF},
  Timestamp                = {2011.08.24}
}

@Article{sarich2010approximation,
  Title                    = {On the approximation quality of Markov state models},
  Author                   = {Sarich, M. and No{\'e}, F. and Sch{\"u}tte, C.},
  Journal                  = {Multiscale Modeling \& Simulation},
  Year                     = {2010},
  Number                   = {4},
  Pages                    = {1154--1177},
  Volume                   = {8},

  File                     = {sarich2010approximation.pdf:/home/wanghan/study/pdfPool/sarich2010approximation.pdf:PDF},
  Publisher                = {SIAM},
  Timestamp                = {2014.10.17}
}

@article{djurdjevac2012estimating,
  title={Estimating the eigenvalue error of Markov state models},
  author={Djurdjevac, N. and Sarich, M. and Sch{\"u}tte, C.},
  journal={Multiscale Modeling \& Simulation},
  volume={10},
  number={1},
  pages={61--81},
  year={2012},
  publisher={SIAM},
  Timestamp                = {2014.10.17}
}

@Article{noe2009constructing,
  Title                    = {Constructing the equilibrium ensemble of folding pathways from short off-equilibrium simulations},
  Author                   = {No{\'e}, F. and Sch{\"u}tte, C. and Vanden-Eijnden, E. and Reich, L. and Weikl, T.R.},
  Journal                  = {Proceedings of the National Academy of Sciences},
  Year                     = {2009},
  Number                   = {45},
  Pages                    = {19011},
  Volume                   = {106},

  File                     = {noe2009constructing.pdf:noe2009constructing.pdf:PDF;:noe2009constructing-appendix.pdf:PDF},
  Publisher                = {National Acad Sciences},
  Timestamp                = {2011.08.24}
}

@Article{kohlhoff2014cloud,
  Title                    = {Cloud-based simulations on Google Exacycle reveal ligand modulation of GPCR activation pathways},
  Author                   = {Kohlhoff, K.J. and Shukla, D. and Lawrenz, m. and Bowman, G.R. and Konerding, D.E. and Belov, D. and Altman, R.B. and Pande, V.S.},
  Journal                  = {Nature Chemistry},
  Year                     = {2014},
  Number                   = {1},
  Pages                    = {15--21},
  Volume                   = {6},

  File                     = {kohlhoff2014cloud.pdf:/home/wanghan/study/pdfPool/kohlhoff2014cloud.pdf:PDF},
  Publisher                = {Nature Publishing Group},
  Timestamp                = {2014.10.01}
}

@Article{senne2012emma,
  Title                    = {EMMA: A Software Package for Markov Model Building and Analysis},
  Author                   = {Senne, M. and Trendelkamp-Schroer, B. and Mey, A.S.J.S. and Sch{\"u}tte, C. and No{\'e}, F.},
  Journal                  = {Journal of Chemical Theory and Computation},
  Year                     = {2012},
  Number                   = {7},
  Pages                    = {2223--2238},
  Volume                   = {8},

  File                     = {senne2012emma.pdf:senne2012emma.pdf:PDF},
  Publisher                = {ACS Publications},
  Timestamp                = {2012.10.24}
}

@Article{praprotnik2006adaptive,
  Title                    = {Adaptive resolution scheme for efficient hybrid atomistic-mesoscale molecular dynamics simulations of dense liquids},
  Author                   = {Praprotnik, M. and Delle Site, L. and Kremer, K.},
  Journal                  = {Physical Review E},
  Year                     = {2006},
  Number                   = {6},
  Pages                    = {066701},
  Volume                   = {73},

  File                     = {praprotnik2006adaptive.pdf:praprotnik2006adaptive.pdf:PDF},
  Publisher                = {APS},
  Timestamp                = {2012.02.16}
}

@Article{praprotnik2008multiscale,
  Title                    = {Multiscale simulation of soft matter: From scale bridging to adaptive resolution},
  Author                   = {Praprotnik, M. and Delle Site, L. and Kremer, K.},
  Journal                  = {Annu. Rev. Phys. Chem.},
  Year                     = {2008},
  Pages                    = {545--571},
  Volume                   = {59},

  File                     = {praprotnik2008multiscale.pdf:praprotnik2008multiscale.pdf:PDF},
  Publisher                = {Annual Reviews},
  Timestamp                = {2012.02.16}
}


@Article{praprotnik2007adaptive,
  Title                    = {Adaptive resolution simulation of liquid water},
  Author                   = {Praprotnik, M. and Matysiak, S. and Site, L.D. and Kremer, K. and Clementi, C.},
  Journal                  = {Journal of Physics: Condensed Matter},
  Year                     = {2007},
  Pages                    = {292201},
  Volume                   = {19},

  File                     = {praprotnik2007adaptive.pdf:praprotnik2007adaptive.pdf:PDF},
  Publisher                = {IOP Publishing},
  Timestamp                = {2012.02.16}
}

@Article{praprotnik2011statistical,
  Title                    = {Statistical Physics Problems in Adaptive Resolution Computer Simulations of Complex Fluids},
  Author                   = {Praprotnik, M. and Poblete, S. and Kremer, K.},
  Journal                  = {Journal of Statistical Physics},
  Year                     = {2011},
  Pages                    = {1--21},

  File                     = {praprotnik2011statistical.pdf:praprotnik2011statistical.pdf:PDF},
  Publisher                = {Springer},
  Timestamp                = {2012.04.04}
}

@Article{ensing2007energy,
  Title                    = {Energy conservation in adaptive hybrid atomistic/coarse-grain molecular dynamics},
  Author                   = {Ensing, B. and Nielsen, S.O. and Moore, P.B. and Klein, M.L. and Parrinello, M.},
  Journal                  = {Journal of Chemical Theory and Computation},
  Year                     = {2007},
  Number                   = {3},
  Pages                    = {1100--1105},
  Volume                   = {3},

  File                     = {ensing2007energy.pdf:ensing2007energy.pdf:PDF},
  Publisher                = {ACS Publications},
  Timestamp                = {2012.02.16}
}

@Article{heyden2008conservative,
  Title                    = {Conservative algorithm for an adaptive change of resolution in mixed atomistic/coarse-grained multiscale simulations},
  Author                   = {Heyden, A. and Truhlar, D.G.},
  Journal                  = {Journal of Chemical Theory and Computation},
  Year                     = {2008},
  Number                   = {2},
  Pages                    = {217--221},
  Volume                   = {4},

  File                     = {heyden2008conservative.pdf:heyden2008conservative.pdf:PDF},
  Publisher                = {ACS Publications},
  Timestamp                = {2012.06.14}
}

@Article{shi2006mixed,
  Title                    = {Mixed atomistic and coarse-grained molecular dynamics: simulation of a membrane-bound ion channel},
  Author                   = {Shi, Q. and Izvekov, S. and Voth, G.A.},
  Journal                  = {The Journal of Physical Chemistry B},
  Year                     = {2006},
  Number                   = {31},
  Pages                    = {15045--15048},
  Volume                   = {110},

  File                     = {shi2006mixed.pdf:shi2006mixed.pdf:PDF},
  Publisher                = {ACS Publications},
  Timestamp                = {2012.06.14}
}
@Article{shen2014resolution,
  Title                    = {Resolution-Adapted All-Atomic and Coarse-Grained Model for Biomolecular Simulations},
  Author                   = {Shen, L. and Hu, H.},
  Journal                  = {Journal of Chemical Theory and Computation},
  Year                     = {2014},
  Number                   = {6},
  Pages                    = {2528--2536},
  Volume                   = {10},

  File                     = {shen2014resolution.pdf:/home/wanghan/study/pdfPool/shen2014resolution.pdf:PDF},
  Publisher                = {ACS Publications},
  Timestamp                = {2014.05.22}
}

@Article{nielsen2010adaptive,
  Title                    = {Adaptive multiscale molecular dynamics of macromolecular fluids},
  Author                   = {Nielsen, S.O. and Moore, P.B. and Ensing, B.},
  Journal                  = {Physical review letters},
  Year                     = {2010},
  Number                   = {23},
  Pages                    = {237802},
  Volume                   = {105},

  File                     = {nielsen2010adaptive.pdf:nielsen2010adaptive.pdf:PDF},
  Publisher                = {APS},
  Timestamp                = {2012.06.14}
}

@Article{delgado2009coupling,
  Title                    = {Coupling atomistic and continuum hydrodynamics through a mesoscopic model: Application to liquid water},
  Author                   = {Delgado-Buscalioni, R. and Kremer, K. and Praprotnik, M.},
  Journal                  = {The Journal of Chemical Physics},
  Year                     = {2009},
  Pages                    = {244107},
  Volume                   = {131},

  File                     = {delgado2009coupling.pdf:delgado2009coupling.pdf:PDF},
  Timestamp                = {2011.09.20}
}

@Article{zavadlav2014adaptive,
  Title                    = {Adaptive resolution simulation of an atomistic protein in MARTINI water},
  Author                   = {Zavadlav, J. and Melo, M.M. and Marrink, S.J. and Praprotnik, M.},
  Journal                  = {The Journal of Chemical Physics},
  Year                     = {2014},
  Number                   = {5},
  Pages                    = {054114},
  Volume                   = {140},

  File                     = {zavadlav2014adaptive.pdf:zavadlav2014adaptive.pdf:PDF},
  Publisher                = {AIP Publishing},
  Timestamp                = {2014.03.07}
}

@Article{zavadlav2014adaptive1,
  Title                    = {Adaptive resolution simulation of MARTINI solvents},
  Author                   = {Zavadlav, J. and Melo, M.N. and Cunha, A.V. and De Vries, A.H. and Marrink, S.J. and Praprotnik, M.},
  Journal                  = {Journal of Chemical Theory and Computation},
  Year                     = {2014},
  Number                   = {6},
  Pages                    = {2591--2598},
  Volume                   = {10},

  File                     = {zavadlav2014adaptive1.pdf:/home/wanghan/study/pdfPool/zavadlav2014adaptive1.pdf:PDF},
  Publisher                = {ACS Publications},
  Timestamp                = {2014.10.27}
}

@Article{bevc2013adaptive,
  Title                    = {Adaptive resolution simulation of salt solutions},
  Author                   = {Bevc, S. and Junghans, C. and Kremer, K. and Praprotnik, M.},
  Journal                  = {New J. Phys.},
  Year                     = {2013},
  Pages                    = {105007},
  Volume                   = {15},

  File                     = {bevc2013adaptive.pdf:bevc2013adaptive.pdf:PDF},
  Timestamp                = {2013.10.15}
}


@article{potestio2013hamiltonian,
  title={Hamiltonian adaptive resolution simulation for molecular liquids},
  author={Potestio, R. and Fritsch, S. and Espa{\~n}ol, P. and Delgado-Buscalioni, R. and Kremer, K. and Everaers, R. and Donadio, D.},
  journal={Physical review letters},
  volume={110},
  number={10},
  pages={108301},
  year={2013},
  publisher={APS},
  Timestamp                = {2014.10.27}
}


@Article{dellesite2013multiscale,
  Title                    = {What is a Multiscale Problem in Molecular Dynamics?},
  Author                   = {Delle Site, L.},
  Journal                  = {Entropy},
  Year                     = {2013},
  Number                   = {1},
  Pages                    = {23--40},
  Volume                   = {16},

  File                     = {dellesite2013multiscale.pdf:/home/wanghan/study/pdfPool/dellesite2013multiscale.pdf:PDF},
  Publisher                = {Multidisciplinary Digital Publishing Institute},
  Timestamp                = {2014.10.28}
}

@article{poma2010classical,
  title={Classical to path-integral adaptive resolution in molecular simulation: towards a smooth quantum-classical coupling},
  author={Poma, A.B. and Delle Site, L.},
  journal={Physical review letters},
  volume={104},
  number={25},
  pages={250201},
  year={2010},
  publisher={APS}
}


@article{jorgensen1983comparison,
  title={Comparison of simple potential functions for simulating liquid water},
  author={Jorgensen, W.L. and Chandrasekhar, J. and Madura, J.D. and Impey, R.W. and Klein, M.L.},
  journal={The Journal of Chemical Physics},
  volume={79},
  number={2},
  pages={926--935},
  year={1983},
  publisher={AIP Publishing}
}

@Article{tironi1995generalized,
  Title                    = {A generalized reaction field method for molecular dynamics simulations},
  Author                   = {Tironi, I.G. and Sperb, R. and Smith, P.E. and van Gunsteren, W.F.},
  Journal                  = {The Journal of Chemical Physics},
  Year                     = {1995},
  Pages                    = {5451},
  Volume                   = {102},

  File                     = {tironi1995generalized.pdf:tironi1995generalized.pdf:PDF},
  Timestamp                = {2012.09.20}
}

@Article{onsager1936electric,
  Title                    = {Electric moments of molecules in liquids},
  Author                   = {Onsager, L.},
  Journal                  = {Journal of the American Chemical Society},
  Year                     = {1936},
  Number                   = {8},
  Pages                    = {1486--1493},
  Volume                   = {58},

  File                     = {onsager1936electric.pdf:/home/wanghan/study/pdfPool/onsager1936electric.pdf:PDF},
  Publisher                = {ACS Publications},
  Timestamp                = {2014.11.10}
}

@Article{fukuda2013zero,
  Title                    = {Zero-multipole summation method for efficiently estimating electrostatic interactions in molecular system},
  Author                   = {Fukuda, I.},
  Journal                  = {The Journal of Chemical Physics},
  Year                     = {2013},
  Pages                    = {174107},
  Volume                   = {139},

  File                     = {fukuda2013zero.pdf:fukuda2013zero.pdf:PDF},
  Timestamp                = {2013.11.07}
}

@Article{fukuda2011molecular,
  Title                    = {Molecular dynamics scheme for precise estimation of electrostatic interaction via zero-dipole summation principle},
  Author                   = {Fukuda, I. and Yonezawa, Y. and Nakamura, H.},
  Journal                  = {The Journal of Chemical Physics},
  Year                     = {2011},
  Pages                    = {164107},
  Volume                   = {134},

  File                     = {fukuda2011molecular.pdf:fukuda2011molecular.pdf:PDF},
  Timestamp                = {2013.12.04}
}

@ARTICLE{pronk2013gromacs,
  author = {Pronk, S. and P{\'a}ll, S. and Schulz, R. and Larsson, P. and Bjelkmar,
	P. and Apostolov, R. and Shirts, M.R. and Smith, J.C. and Kasson,
	P.M. and van der Spoel, D. and Hess B. Lindahl E.},
  title = {GROMACS 4.5: a high-throughput and highly parallel open source molecular
	simulation toolkit},
  journal = {Bioinformatics},
  year = {2013},
  pages = {1--10},
  file = {pronk2013gromacs.pdf:pronk2013gromacs.pdf:PDF},
  publisher = {Oxford Univ Press},
  timestamp = {2013.04.21}
}

@article{hess2008gromacs,
  title={GROMACS 4: Algorithms for highly efficient, load-balanced, and scalable molecular simulation},
  author={Hess, Berk and Kutzner, Carsten and Van Der Spoel, David and Lindahl, Erik},
  journal={Journal of chemical theory and computation},
  volume={4},
  number={3},
  pages={435--447},
  year={2008},
  publisher={ACS Publications}
}

@ARTICLE{foloppe2000all,
  author = {Foloppe, N. and MacKerell Jr, A.D.},
  title = {All-atom empirical force field for nucleic acids: I. Parameter optimization
	based on small molecule and condensed phase macromolecular target
	data},
  journal = {J. Comput. Chem.},
  year = {2000},
  volume = {21},
  pages = {86--104},
  number = {2},
  file = {foloppe2000all.pdf:foloppe2000all.pdf:PDF},
  publisher = {Wiley Online Library},
  timestamp = {2014.02.17}
}


@ARTICLE{mackerell2004extending,
  author = {MacKerell, A.D. and Feig, M. and Brooks III, C.L.},
  title = {Extending the treatment of backbone energetics in protein force fields:
	Limitations of gas-phase quantum mechanics in reproducing protein
	conformational distributions in molecular dynamics simulations},
  journal = {J. Comput. Chem.},
  year = {2004},
  volume = {25},
  pages = {1400--1415},
  number = {11},
  file = {mackerell2004extending.pdf:mackerell2004extending.pdf:PDF},
  publisher = {Wiley Online Library},
  timestamp = {2013.10.14}
}

@article{green1954markoff,
  title={{Markoff Random Processes and the Statistical Mechanics of Time-Dependent Phenomena. II. Irreversible Processes in Fluids}},
  author={Green, M.S.},
  journal={J. Chem. Phys.},
  volume={22},
  pages={398--413},
  year={1954},
  publisher={AIP Publishing}
}
@article{kubo1957statistical,
  title={{Statistical-mechanical theory of irreversible processes. I. General theory and simple applications to magnetic and conduction problems}},
  author={Kubo, R.},
  journal={J. Phys. Soc. Jpn.},
  volume={12},
  number={6},
  pages={570--586},
  year={1957},
  publisher={The Physical Society of Japan}
}


@book{kernighan1988c,
  title={The C programming language},
  author={Kernighan, B.W. and Ritchie, D.M. and Ejeklint, P.},
  volume={2},
  year={1988},
  publisher={prentice-Hall Englewood Cliffs}
}